@inproceedings{sun1998operational,
  title={Operational transformation in real-time group editors: issues, algorithms, and achievements},
  author={Sun, Chengzheng and Ellis, Clarence},
  booktitle={Proceedings of the 1998 ACM conference on Computer supported cooperative work},
  pages={59--68},
  year={1998}
}

@inproceedings{nichols1995high,
  title={High-latency, low-bandwidth windowing in the Jupiter collaboration system},
  author={Nichols, David A and Curtis, Pavel and Dixon, Michael and Lamping, John},
  booktitle={Proceedings of the 8th Annual ACM Symposium on User Interface and Software Technology},
  pages={111--120},
  year={1995}
}

@inproceedings{shapiro2011conflict,
  title={Conflict-free replicated data types},
  author={Shapiro, Marc and Pregui{\c{c}}a, Nuno and Baquero, Carlos and Zawirski, Marek},
  booktitle={Stabilization, Safety, and Security of Distributed Systems: 13th International Symposium, SSS 2011, Grenoble, France, October 10-12, 2011. Proceedings 13},
  pages={386--400},
  year={2011},
  organization={Springer}
}

@inproceedings{kleppmann2019local,
  title={Local-first software: you own your data, in spite of the cloud},
  author={Kleppmann, Martin and Wiggins, Adam and Van Hardenberg, Peter and McGranaghan, Mark},
  booktitle={Proceedings of the 2019 ACM SIGPLAN International Symposium on New Ideas, New Paradigms, and Reflections on Programming and Software(Onward!)},
  pages={154--178},
  year={2019}
}

@misc{evernote,
  title = {Real-time editing is out for everybody},
  author = {Evernote},
  howpublished = {\url{https://discussion.evernote.com/forums/topic/145747-real-time-editing-is-out-for-everybody-%E2%80%93%C2%A0feedback-conversation/}},
  note = {Accessed: 2023-11-11}
}

@misc{googleblock,
  title = {Google refuses to reinstate man's account after he took medical images of son's groin},
  author = {The Guardian},
  howpublished = {\url{https://www.theguardian.com/technology/2022/aug/22/google-csam-account-blocked}},
  note = {Accessed: 2023-11-11}
}

@misc{googledocs,
  title = {Get started with encrypted files in {Drive, Docs, Sheets \& Slides}},
  author = {Google},
  howpublished = {\url{https://support.google.com/docs/answer/10519333?hl=en}},
  note = {Accessed: 2023-11-11}
}

@misc{accountblock,
  title = {Account blocked. {What} now?},
  author = {Arnoud Wokke},
  howpublished = {\url{https://tweakers.net/reviews/9094/all/account-geblokkeerd-wat-nu.html}},
  note = {Accessed: 2023-11-11}
}

@misc{automerge,
  title = {Automerge {CRDT}},
  author = {{Automerge Community}},
  howpublished = {\url{https://automerge.org}},
  note = {Accessed: 2023-11-07}
}

@misc{yjs,
  title = {Yjs Shared Editing},
  author = {{Yjs Community}},
  howpublished = {\url{https://yjs.dev}},
  note = {Accessed: 2023-11-07}
}

@misc{fission,
  title = {Fission Codes},
  author = {Fission},
  howpublished = {\url{https://fission.codes}},
  note = {Accessed: 2023-11-07}
}

@misc{tomtom,
  title = {{Mapping and Location Technology}},
  author = {TomTom},
  howpublished = {\url{https://www.tomtom.com}},
  note = {Accessed: 2023-11-08}
}

@misc{actual,
  title = {Actual â€” A local-first personal finance app},
  howpublished = {\url{https://actualbudget.com}},
  note = {Accessed: 2023-11-08}
}

@article{kleppmann2017conflict,
  title={A conflict-free replicated {JSON} datatype},
  author={Kleppmann, Martin and Beresford, Alastair R},
  journal={IEEE Transactions on Parallel and Distributed Systems},
  volume={28},
  number={10},
  pages={2733--2746},
  year={2017},
  publisher={IEEE}
}

@inproceedings{martin2010scalable,
  title={Scalable {XML} Collaborative Editing with Undo: (Short Paper)},
  author={Martin, St{\'e}phane and Urso, Pascal and Weiss, St{\'e}phane},
  booktitle={On the Move to Meaningful Internet Systems: OTM 2010: Confederated International Conferences: CoopIS, IS, DOA and ODBASE, Hersonissos, Crete, Greece, October 25-29, 2010, Proceedings, Part I},
  pages={507--514},
  year={2010},
  organization={Springer}
}

@inproceedings{bieniusa2012brief,
  title={Brief announcement: Semantics of eventually consistent replicated sets},
  author={Bieniusa, Annette and Zawirski, Marek and Pregui{\c{c}}a, Nuno and Shapiro, Marc and Baquero, Carlos and Balegas, Valter and Duarte, S{\'e}rgio},
  booktitle={International Symposium on Distributed Computing},
  pages={441--442},
  year={2012},
  organization={Springer}
}

@inproceedings{baquero2016problem,
  title={The problem with embedded {CRDT} counters and a solution},
  author={Baquero, Carlos and Almeida, Paulo S{\'e}rgio and Lerche, Carl},
  booktitle={Proceedings of the 2nd Workshop on the Principles and Practice of Consistency for Distributed Data},
  pages={1--3},
  year={2016}
}

@techreport{shapiro2011comprehensive,
  title={A comprehensive study of convergent and commutative replicated data types},
  author={Shapiro, Marc and Pregui{\c{c}}a, Nuno and Baquero, Carlos and Zawirski, Marek},
  year={2011},
  school={Inria--Centre Paris-Rocquencourt; INRIA}
}

@inproceedings{kuessner2023algebraic,
  title={Algebraic Replicated Data Types: Programming Secure Local-First Software},
  author={Kuessner, Christian and Mogk, Ragnar and Wickert, Anna-Katharina and Mezini, Mira},
  booktitle={37th European Conference on Object-Oriented Programming (ECOOP 2023)},
  year={2023},
  organization={Schloss Dagstuhl-Leibniz-Zentrum f{\"u}r Informatik}
}

@inproceedings{najafzadeh2017co,
  title={Co-design and verification of an available file system},
  author={Najafzadeh, Mahsa and Shapiro, Marc and Eugster, Patrick},
  booktitle={International Conference on Verification, Model Checking, and Abstract Interpretation},
  pages={358--381},
  year={2017},
  organization={Springer}
}

@inproceedings{preguicca2009commutative,
  title={A commutative replicated data type for cooperative editing},
  author={Pregui{\c{c}}a, Nuno and Marqu{\`e}s, Joan Manuel and Shapiro, Marc and Letia, Mihai},
  booktitle={2009 29th IEEE International Conference on Distributed Computing Systems},
  pages={395--403},
  year={2009},
  organization={IEEE}
}

@inproceedings{oster2006data,
  title={Data consistency for P2P collaborative editing},
  author={Oster, G{\'e}rald and Urso, Pascal and Molli, Pascal and Imine, Abdessamad},
  booktitle={Proceedings of the 2006 20th anniversary conference on Computer supported cooperative work},
  pages={259--268},
  year={2006}
}

@inproceedings{weiss2009logoot,
  title={Logoot: A scalable optimistic replication algorithm for collaborative editing on p2p networks},
  author={Weiss, St{\'e}phane and Urso, Pascal and Molli, Pascal},
  booktitle={2009 29th IEEE International Conference on Distributed Computing Systems},
  pages={404--412},
  year={2009},
  organization={IEEE}
}


@article{roh2011replicated,
  title={Replicated abstract data types: Building blocks for collaborative applications},
  author={Roh, Hyun-Gul and Jeon, Myeongjae and Kim, Jin-Soo and Lee, Joonwon},
  journal={Journal of Parallel and Distributed Computing},
  volume={71},
  number={3},
  pages={354--368},
  year={2011},
  publisher={Elsevier}
}


@inproceedings{nedelec2013lseq,
  title={LSEQ: an adaptive structure for sequences in distributed collaborative editing},
  author={N{\'e}delec, Brice and Molli, Pascal and Mostefaoui, Achour and Desmontils, Emmanuel},
  booktitle={Proceedings of the 2013 ACM Symposium on Document Engineering},
  pages={37--46},
  year={2013}
}

@article{litt2022peritext,
  title={Peritext: A {CRDT} for collaborative rich text editing},
  author={Litt, Geoffrey and Lim, Sarah and Kleppmann, Martin and Van Hardenberg, Peter},
  journal={Proceedings of the ACM on Human-Computer Interaction},
  volume={6},
  number={CSCW2},
  pages={1--36},
  year={2022},
  publisher={ACM New York, NY, USA}
}

@article{weidner2023art,
  title={The {Art} of the {Fugue}: Minimizing Interleaving in Collaborative Text Editing},
  author={Weidner, Matthew and Gentle, Joseph and Kleppmann, Martin},
  journal={arXiv preprint arXiv:2305.00583},
  year={2023}
}

@inproceedings{castro1999practical,
  title={Practical Byzantine fault tolerance},
  author={Castro, Miguel and Liskov, Barbara and others},
  booktitle={OsDI},
  volume={99},
  number={1999},
  pages={173--186},
  year={1999}
}

@inproceedings{douceur2002sybil,
  title={The {Sybil} attack},
  author={Douceur, John R},
  booktitle={International workshop on peer-to-peer systems},
  pages={251--260},
  year={2002},
  organization={Springer}
}

@article{nakamoto2008bitcoin,
  title={Bitcoin: A peer-to-peer electronic cash system},
  author={Nakamoto, Satoshi},
  journal={Decentralized business review},
  year={2008}
}

@inproceedings{bano2019sok,
  title={{SoK}: Consensus in the age of blockchains},
  author={Bano, Shehar and Sonnino, Alberto and Al-Bassam, Mustafa and Azouvi, Sarah and McCorry, Patrick and Meiklejohn, Sarah and Danezis, George},
  booktitle={Proceedings of the 1st ACM Conference on Advances in Financial Technologies},
  pages={183--198},
  year={2019}
}

@article{kleppmann2020byzantine,
  title={Byzantine eventual consistency and the fundamental limits of peer-to-peer databases},
  author={Kleppmann, Martin and Howard, Heidi},
  journal={arXiv preprint arXiv:2012.00472},
  year={2020}
}

@inproceedings{kleppmann2022making,
  title={Making {CRDTs} Byzantine fault tolerant},
  author={Kleppmann, Martin},
  booktitle={Proceedings of the 9th Workshop on Principles and Practice of Consistency for Distributed Data},
  pages={8--15},
  year={2022}
}

@inproceedings{imine2003proving,
  title={Proving correctness of transformation functions in real-time groupware},
  author={Imine, Abdessamad and Molli, Pascal and Oster, G{\'e}rald and Rusinowitch, Micha{\"e}l},
  booktitle={ECSCW 2003: Proceedings of the Eighth European Conference on Computer Supported Cooperative Work 14--18 September 2003, Helsinki, Finland},
  pages={277--293},
  year={2003},
  organization={Springer}
}

@article{imine2006formal,
  title={Formal design and verification of operational transformation algorithms for copies convergence},
  author={Imine, Abdessamad and Rusinowitch, Micha{\"e}l and Oster, G{\'e}rald and Molli, Pascal},
  journal={Theoretical Computer Science},
  volume={351},
  number={2},
  pages={167--183},
  year={2006},
  publisher={Elsevier}
}

@techreport{oster2005proving,
  title={Proving correctness of transformation functions in collaborative editing systems},
  author={Oster, G{\'e}rald and Urso, Pascal and Molli, Pascal and Imine, Abdessamad},
  year={2005},
  school={INRIA}
}

@article{gomes2017verifying,
  title={Verifying strong eventual consistency in distributed systems},
  author={Gomes, Victor BF and Kleppmann, Martin and Mulligan, Dominic P and Beresford, Alastair R},
  journal={Proceedings of the ACM on Programming Languages},
  volume={1},
  number={OOPSLA},
  pages={1--28},
  year={2017},
  publisher={ACM New York, NY, USA}
}

@inproceedings{ressel1996integrating,
  title={An integrating, transformation-oriented approach to concurrency control and undo in group editors},
  author={Ressel, Matthias and Nitsche-Ruhland, Doris and Gunzenh{\"a}user, Rul},
  booktitle={Proceedings of the 1996 ACM Conference on Computer Supported Cooperative Work},
  pages={288--297},
  year={1996}
}

@inproceedings{suleiman1998concurrent,
  title={Concurrent operations in a distributed and mobile collaborative environment},
  author={Suleiman, Maher and Cart, Michele and Ferri{\'e}, Jean},
  booktitle={Proceedings 14th International Conference on Data Engineering},
  pages={36--45},
  year={1998},
  organization={IEEE}
}

@inproceedings{li2004preserving,
  title={Preserving operation effects relation in group editors},
  author={Li, Du and Li, Rui},
  booktitle={Proceedings of the 2004 ACM Conference on Computer Supported Cooperative Work},
  pages={457--466},
  year={2004}
}

@inproceedings{ellis1989concurrency,
  title={Concurrency control in groupware systems},
  author={Ellis, Clarence A and Gibbs, Simon J},
  booktitle={Proceedings of the 1989 ACM SIGMOD international conference on Management of data},
  pages={399--407},
  year={1989}
}

@article{kleppmann2021highly,
  title={A highly-available move operation for replicated trees},
  author={Kleppmann, Martin and Mulligan, Dominic P and Gomes, Victor BF and Beresford, Alastair R},
  journal={IEEE Transactions on Parallel and Distributed Systems},
  volume={33},
  number={7},
  pages={1711--1724},
  year={2021},
  publisher={IEEE}
}

@article{buford2009peer,
  title={Peer-to-peer networking and applications: synopsis and research directions},
  author={Buford, John F and Yu, Heather},
  journal={Handbook of peer-to-peer networking},
  pages={3--45},
  year={2009},
  publisher={Springer}
}

@incollection{lamport2019byzantine,
  title={The Byzantine generals problem},
  author={Lamport, Leslie and Shostak, Robert and Pease, Marshall},
  booktitle={Concurrency: the works of Leslie Lamport},
  pages={203--226},
  year={2019}
}

@inproceedings{meiklejohn2015lasp,
  title={Lasp: A language for distributed, coordination-free programming},
  author={Meiklejohn, Christopher and Van Roy, Peter},
  booktitle={Proceedings of the 17th International Symposium on Principles and Practice of Declarative Programming},
  pages={184--195},
  year={2015}
}

@inproceedings{andre2013supporting,
  title={Supporting adaptable granularity of changes for massive-scale collaborative editing},
  author={Andr{\'e}, Luc and Martin, St{\'e}phane and Oster, G{\'e}rald and Ignat, Claudia-Lavinia},
  booktitle={9th IEEE International Conference on Collaborative Computing: Networking, Applications and Worksharing},
  pages={50--59},
  year={2013},
  organization={IEEE}
}

@inproceedings{lv2016efficient,
  title={An efficient collaborative editing algorithm supporting string-based operations},
  author={Lv, Xiao and He, Fazhi and Cai, Weiwei and Cheng, Yuan},
  booktitle={2016 IEEE 20th International Conference on Computer Supported Cooperative Work in Design (CSCWD)},
  pages={45--50},
  year={2016},
  organization={IEEE}
}

@inproceedings{nedelec2016crate,
  title={Crate: Writing stories together with our browsers},
  author={N{\'e}delec, Brice and Molli, Pascal and Mostefaoui, Achour},
  booktitle={Proceedings of the 25th International Conference Companion on World Wide Web},
  pages={231--234},
  year={2016}
}

@inproceedings{weiss2007wooki,
  title={Wooki: a p2p wiki-based collaborative writing tool},
  author={Weiss, St{\'e}phane and Urso, Pascal and Molli, Pascal},
  booktitle={International Conference on Web Information Systems Engineering},
  pages={503--512},
  year={2007},
  organization={Springer}
}

@incollection{nipkow2013programming,
  title={Programming and proving in Isabelle/HOL},
  author={Nipkow, Tobias},
  booktitle={Technical report, University of Cambridge},
  year={2013}
}

@article{klein2014comprehensive,
  title={Comprehensive formal verification of an OS microkernel},
  author={Klein, Gerwin and Andronick, June and Elphinstone, Kevin and Murray, Toby and Sewell, Thomas and Kolanski, Rafal and Heiser, Gernot},
  journal={ACM Transactions on Computer Systems (TOCS)},
  volume={32},
  number={1},
  pages={1--70},
  year={2014},
  publisher={ACM New York, NY, USA}
}

@inproceedings{cervesato2001dolev,
  title={The Dolev-Yao intruder is the most powerful attacker},
  author={Cervesato, Iliano},
  booktitle={16th Annual Symposium on Logic in Computer Scienceâ€”LICS},
  volume={1},
  pages={1--2},
  year={2001},
  organization={Citeseer}
}

@article{dolev1983security,
  title={On the security of public key protocols},
  author={Dolev, Danny and Yao, Andrew},
  journal={IEEE Transactions on information theory},
  volume={29},
  number={2},
  pages={198--208},
  year={1983},
  publisher={IEEE}
}

@article{parker1983detection,
  title={Detection of mutual inconsistency in distributed systems},
  author={Parker, D Stott and Popek, Gerald J and Rudisin, Gerard and Stoughton, Allen and Walker, Bruce J and Walton, Evelyn and Chow, Johanna M and Edwards, David and Kiser, Stephen and Kline, Charles},
  journal={IEEE transactions on Software Engineering},
  number={3},
  pages={240--247},
  year={1983},
  publisher={IEEE}
}

@misc{DayRichter:2010tt,
author = {Day-Richter, John},
title = {What's different about the new {Google Docs}: Making collaboration fast},
year = {2010},
month = sep,
url = {https://drive.googleblog.com/2010/09/whats-different-about-new-google-docs.html}
}

@misc{Etherpad:2011um,
author = {{AppJet, Inc.}},
title = {{Etherpad} and {EasySync} Technical Manual},
year = {2011},
month = mar,
url = {https://github.com/ether/etherpad-lite/blob/e2ce9dc/doc/easysync/easysync-full-description.pdf}
}

@misc{Wang:2015vo,
title = {{Apache Wave} (incubating) Protocol Documentation, Release 0.4},
author = {Wang, David and Mah, Alex and Lassen, Soren and Thorogood, Sam},
month = aug,
year = {2015},
howpublished = {Apache Software Foundation},
url = {https://people.apache.org/~al/wave_docs/ApacheWaveProtocol-0.4.pdf}
}

@article{Lamport:1978jq,
author = {Lamport, Leslie},
title = {Time, Clocks, and the Ordering of Events in a Distributed System},
journal = {Communications of the ACM},
year = {1978},
volume = {21},
number = {7},
pages = {558--565},
month = jul,
doi = {10.1145/359545.359563}
}

@article{CRDT-AFP,
  author  = {Victor B. F. Gomes and Martin Kleppmann and Dominic P. Mulligan and Alastair R. Beresford},
  title   = {A framework for establishing Strong Eventual Consistency for Conflict-free Replicated Datatypes},
  journal = {Archive of Formal Proofs},
  month   = {July},
  year    = {2017},
  note    = {\url{https://isa-afp.org/entries/CRDT.html},
             Formal proof development},
  ISSN    = {2150-914x},
}

@article{gentle2024collaborative,
  title={Collaborative Text Editing with Eg-walker: Better, Faster, Smaller},
  author={Gentle, Joseph and Kleppmann, Martin},
  journal={arXiv preprint arXiv:2409.14252},
  year={2024}
}

@inproceedings{nicolaescu2016near,
  title={Near real-time peer-to-peer shared editing on extensible data types},
  author={Nicolaescu, Petru and Jahns, Kevin and Derntl, Michael and Klamma, Ralf},
  booktitle={Proceedings of the 2016 ACM International Conference on Supporting Group Work},
  pages={39--49},
  year={2016}
}